@misc{ Latex,
       author = "Wikibooks",
       title = "Latex",
       howpublished = "\url{https://en.wikibooks.org/wiki/LaTeX}"
}

@misc{LatexPage,
    author = "Latex Project",
    title = "Latex",
    howpublished = "\url{https://www.latex-project.org/}"
}

@misc{
    GitTutorial,
    author = "Software Freedom Conservancy",
    title = "Git",
    howpublished = "\url{https://git-scm.com/docs/gittutorial}"
}

@misc{
    DotNetGuide,
    author = ".Net Foundation",
    title = ".Net Guide",
    howpublished = "\url{https://docs.microsoft.com/en-us/dotnet/core/index}"
}

@misc{
    Gitignore,
    author = "Software Freedom Conservancy",
    title = "Ignoring files",
    howpublished = "\url{https://git-scm.com/docs/gitignore}"
}

@misc{
    Repositorio,
    author = "Ernesto Rodriguez",
    title = "Algoritmos UFM 2018",
    howpublished = "\url{https://github.com/netogallo/algoritmos-ufm-2018}"
}

@misc{
    Python,
    author = "Python Foundation",
    title = "Python",
    howpublished = "\url{https://www.python.org/}"
}

@misc{
    GenCS,
    author = "Michael Kohlhase",
    title = "General Computer Science I \& II",
    howpublished = "\url{https://github.com/netogallo/informatica-2018-2019/blob/master/recursos/Kolhase%20-%20GenCS.pdf}"
}

@misc{
    GitRepo,
    author = "Github",
    title = "Creating a new repository",
    howpublished = "\url{https://help.github.com/articles/creating-a-new-repository/}"
}

@misc{
    GithubSsh,
    author = "Github",
    title = "Connecting to Github with ssh",
    howpublished = "\url{https://help.github.com/articles/connecting-to-github-with-ssh/}"
}

@misc{
    Haskell,
    author = "Haskell.org",
    title = "Haskell",
    howpublished = "\url{https://www.haskell.org/}"
}

@misc{
    PropsAsTypes,
    author = "Phillip Wadler",
    title = "Propositions as Types",
    howpublished = "\url{https://www.youtube.com/watch?v=aeRVdYN6fE8}"
}

@misc{
    HeapSort,
    author = "Wikipedia",
    title = "Heapsort",
    howpublished = "\url{https://en.wikipedia.org/wiki/Heapsort#Pseudocode}"
}

@book{
    Algoritmos,
    author = "T. Cormen and C. Leiserson and R. Rivest and C. Stein",
    title = "Algorithms",
    publisher = "Mit Press",
    year = 2009,
    edition = 3
}